@article{mazouer2016theatre,
  title={La th{\'e}{\^a}tre fran{\c{c}}ais du Moyen {\^A}ge},
  author={Mazouer, Charles},
  journal={La th{\'e}{\^a}tre fran{\c{c}}ais du Moyen {\^A}ge},
  pages={1--580},
  year={2016},
  publisher={Honor{\'e} Champion}
} %

@book{attinger1981esprit,
  title={L'esprit de la commedia dell'arte dans le th{\'e}{\^a}tre fran{\c{c}}ais},
  author={Attinger, Gustave},
  pages={30--44},
  year={1981},
  publisher={Slatkine},
  address={Geneva, Switzerland}
}%

@book{bradby1990theatre,
  title={Le th{\'e}{\^a}tre fran{\c{c}}ais contemporain: 1940-1980},
  author={Bradby, David},
  pages={52--58},
  year={1990},
  publisher={Presses Univ. Septentrion},
  address={Villeneuve d'Ascq, France}
}%

@book{forestier1988esthetique,
  title={Esth{\'e}tique de l''identit{\'e} dans le th{\'e}{\^a}tre fran{\c{c}}ais, 1550-1680: le d{\'e}guisement et ses avatars},
  author={Forestier, Georges},
  volume={259},
  pages={77--85},
  year={1988},
  publisher={Librairie Droz},
 address={Geneva, Switzerland}
}%

@book{despois1874theatre,
  title={Le th{\'e}{\^a}tre fran{\c{c}}ais sous Louis XIV},
  author={Despois, Eug{\`e}ne},
  pages={62--80},
  year={1874},
  publisher={Hachette},
 address={Paris, France}
}%

@book{forestier1996theatre,
  title={Le th{\'e}{\^a}tre dans le th{\'e}{\^a}tre sur la sc{\`e}ne fran{\c{c}}aise du XVIIe si{\`e}cle},
  author={Forestier, Georges},
  volume={197},
  pages={115--118},
  year={1996},
  publisher={Librairie Droz},
 address={Geneva, Switzerland}
}%

@book{rambert1861corneille,
  title={Corneille, Racine et Moli{\`e}re: deux cours sur la po{\'e}sie dramatique fran{\c{c}}aise au XVIIe si{\`e}cle},
  author={Rambert, Eug{\`e}ne},
  pages={12--18},
  year={1861},
  publisher={A. Delafontaine},
 address={Paris, France}
}%

@article{cardullo2009moliere,
  title={Moliere's TARTUFFE},
  author={Cardullo, Robert},
  journal={The Explicator},
  volume={67},
  number={03},
  pages={173--176},
  year={2009},
  publisher={Taylor \& Francis}
}%

@book{gaines1984social,
  title={Social structures in Moli{\`e}re's theater},
  author={Gaines, James F},
  pages={22--38},
  year={1984},
  publisher={The Ohio State University Press},
 address={Columbus, OH}
}%

@book{lancaster1929history,
  title={A History of French Dramatic Literature in the Seventeenth Century...: The period of Moli{\`e}re, 1652-1672. 2. v},
  author={Lancaster, Henry Carrington},
  pages={92--104},
  year={1929},
  publisher={John Hopkins Press},
 address={Baltimore, MD}
}%


@book{bair1990samuel,
  title={Samuel Beckett: a biography},
  author={Bair, Deirdre},
  pages={22--25},
  year={1990},
  publisher={Simon and Schuster},
 address={New York, NY}
}%

@book{bernard1906avare,
  title={L'avare: com{\'e}die de Moliere 1668},
  author={Bernard, Henri and others},
  pages={42--48},
  year={1906},
  publisher={Librairie Weidmann},
address={Paris, France}
}%

@article{78, author = {陈麦歧}, title = {郑廷玉《看钱奴》研究述评}, journal = {四川戏剧}, volume = {237}, pages = {12-17}, year = {2020} }

@book{carlson1998voltaire,
  title={Voltaire and the Theatre of the Eighteenth Century},
  author={Carlson, Marvin},
  pages={11--18},
  number={84},
  year={1998},
  publisher={Greenwood Publishing Group},
 address={Westport, CT}
}%

@article{huot1987transformations,
  title={Transformations of lyric voice in the songs, motets, and plays of Adam de la Halle},
  author={Huot, Sylvia},
  journal={Romanic review},
  volume={78},
  number={02},
  pages={148},
  year={1987},
  publisher={Columbia University, Dept. of French and Romance Philology, etc.}
} %

@article{abc,
  title={雨果和浪漫主义},
  author={夏定冠},
  journal={新疆大学学报: 哲学. 人文社会科学版},
  number={03},
  pages={39--48},
  year={1979}
}%

@book{beckett2006attendant,
  title={En attendant godot},
  author={Beckett, Samuel},
  pages={76--78},
  year={2006},
  publisher={Grove Press},
 address={New York, NY}
}%

@article{harvey1960art,
  title={Art and the Existential in en Attendant Godot},
  author={Harvey, Lawrence E},
  journal={PMLA},
  volume={75},
  number={01},
  pages={137--146},
  year={1960},
  publisher={Cambridge University Press}
}%

@book{hugo1863miserables,
  title={Les mis{\'e}rables...},
  author={Hugo, Victor},
   pages={15--78},
  year={1863},
  publisher={C. Lassalle},
 address={Paris, France}
}%

@book{hugo1904notre,
  title={Notre-dame de Paris},
  author={Hugo, Victor},
  pages={10--99},
  year={1904},
  publisher={Imprim{\'e} par l'imprimerie nationale, {\'e}dit{\'e} par Ollendorff},
 address={Paris, France}
}%

@article{00, author = {徐震贵}, title = {佛教对戏曲艺术形式的影响——《中国古代戏剧统论》节选}, journal = {上海戏剧}, pages = {42-45}, year = {1996}}

@article{11, author = {吴翔明}, title = {始于悲情 终于团圆——浅析中国古代戏剧的悲剧观}, journal = {井冈山师范学院学报}, pages= {33-35}, year = {2003} }

@article{22, author = {刘振华}, title = {2019年中国古代戏剧史论研究综述}, journal = {戏剧文学}, volume = {442}, pages = {64-71}, year = {2020} }

@article{33, author = {杨梦竹}, title = {宋元戏曲的艺术特征研究}, journal = {作家天地}, volume = {631}, pages = {141-143}, year = {2022} }

@article{44, author = {刘畅}, title = {论明清戏剧文学}, journal = {戏剧之家}, volume = {192}, pages = {52}, year = {2014}}

@article{55, author = {徐宏图}, title = {内坛法事 外台戏——论中国戏剧与宗教的关系}, journal = {戏曲研究}, pages = {44-56}, year = {2004}}

@article{66, author = {张玉雁}, title = {中法戏剧在人物刻画上的差异性}, journal = {四川戏剧}, volume = {119}, pages = {36-37}, year = {2007} }

@article{77, author = {宫宝荣}, title = {中法戏剧交流中的误读现象之浅析——以《赵氏孤儿》、“残酷戏剧”、“荒诞戏剧”为例}, journal = {戏剧(中央戏剧学院学报)}, volume = {160}, pages = {25-34}, year = {2015} }

@article{88, author = {董典宝}, title = {从严监生到葛朗台——中西戏剧中吝啬鬼形象之比较}, journal = {同行}, pages = {345}, year = {2016}}

@article{99, author = {彭维芬}, title = {不同的“悲剧力量”——比较中西戏剧不同的悲剧美}, journal = {中国民族博览}, pages = {135-137}, year = {2017}}

@article{10, author = {彭鲁迁}, title = {中西戏剧舞台表演中的美学性格比较}, journal = {大舞台}, volume = {290}, pages = {1-2}, year = {2012}}

@article{12, author = {邢艳华}, title = {中西戏剧交流之异同}, journal = {当代戏剧}, volume = {244}, pages = {44-45}, year = {2011} }

@article{12, author = {田竞}, title = {浅谈中西戏剧戏曲艺术比较}, journal = {科教文汇(中旬刊)}, volume = {158}, pages = {152-153}, year = {2011}}

@article{13,
  title={汉剧与中国戏剧史的雅俗之变},
  author={朱伟明},
  journal={湖北大学学报: 哲学社会科学版},
  volume={37},
  number={06},
  pages={7--11},
  year={2010}
}

@article{14,
  title={戏剧性: 观照唐代小说诗歌与戏曲关系的一个视角},
  author={董乃斌},
  journal={文艺研究},
  number={01},
  pages={56--61},
  year={2001}
}

@article{15,
  title={考量中国近代京剧发展缘由},
  author={陈虹 and 管尔东},
  journal={上海戏剧},
  number={01},
  pages={57--60},
  year={2004}
}

@book{sparks2014mise,
  title={Mise En Scene French Theatre Now},
  author={Sparks, Annie and Stephenson, Annie and Bradby, David},
  pages={78--122},
  year={2014},
  publisher={Bloomsbury Publishing},
 address={London, United Kingdom}
}

@article{16,
  title={中国戏剧现代化的艰难历程——20 世纪中国戏剧回顾},
  author={董健},
  journal={文学评论},
  number={01},
  pages={29--39},
  year={1998}
}

@article{17,
  title={二十世纪中国戏剧的现代性与本土化},
  author={傅谨},
  journal={中国社会科学: 英文版},
  volume={24},
  number={03},
  pages={89--96},
  year={2003}
}

@article{18,
  title={重建中的中国戏剧——“传统戏剧现代化” 与 “地方戏剧都市化”},
  author={罗怀臻},
  journal={中国戏剧},
  number={02},
  pages={4--8},
  year={2004}
}

@article{19,
  title={中国文化价值观与中国人幸福感的研究综述},
  author={张玮 and 何贵兵 and 成龙},
  journal={心理研究},
  volume={4},
  number={03},
  pages={48--52},
  year={2011}
}